@Book{poreda11,
author = {Jędrzejewski, Jacek and Poreda, Tadeusz},
title = {Algebra liniowa z elementami geometrii analitycznej},
publisher = {Politechnika Łodzka},
year = {2011}
}
